@Article{Hashiguchi2018,
  author    = {Hashiguchi, Koichi},
  journal   = {Archives of Computational Methods in Engineering},
  title     = {Multiplicative Hyperelastic-Based Plasticity for Finite Elastoplastic Deformation/Sliding: A Comprehensive Review},
  year      = {2018},
  issn      = {1886-1784},
  month     = may,
  number    = {3},
  pages     = {597--637},
  volume    = {26},
  doi       = {10.1007/s11831-018-9256-5},
  publisher = {Springer Science and Business Media LLC},
}

@Article{Hashiguchi1980,
  author    = {Hashiguchi, K.},
  journal   = {Journal of Applied Mechanics},
  title     = {Constitutive Equations of Elastoplastic Materials With Elastic-Plastic Transition},
  year      = {1980},
  issn      = {1528-9036},
  month     = jun,
  number    = {2},
  pages     = {266--272},
  volume    = {47},
  doi       = {10.1115/1.3153653},
  publisher = {ASME International},
}

@Book{Hashiguchi2017,
  author    = {Hashiguchi, Koichi},
  publisher = {Springer International Publishing},
  title     = {Foundations of Elastoplasticity: Subloading Surface Model},
  year      = {2017},
  edition   = {3rd},
  isbn      = {9783319488219},
  doi       = {10.1007/978-3-319-48821-9},
}

@Article{Anjiki2019,
  author    = {Anjiki, Takuya and Oka, Masanori and Hashiguchi, Koichi},
  journal   = {International Journal for Numerical Methods in Engineering},
  title     = {Complete implicit stress integration algorithm with extended subloading surface model for elastoplastic deformation analysis},
  year      = {2019},
  issn      = {1097-0207},
  month     = nov,
  number    = {5},
  pages     = {945--966},
  volume    = {121},
  doi       = {10.1002/nme.6252},
  publisher = {Wiley},
}

@Book{Hashiguchi2023,
  author    = {Hashiguchi, Koichi},
  publisher = {Springer International Publishing},
  title     = {Foundations of Elastoplasticity: Subloading Surface Model},
  year      = {2023},
  edition   = {4th},
  isbn      = {9783030931384},
  doi       = {10.1007/978-3-030-93138-4},
}

@Article{Frederick2007,
  author    = {Frederick, C. O. and Armstrong, P. J.},
  journal   = {Materials at High Temperatures},
  title     = {A mathematical representation of the multiaxial Bauschinger effect},
  year      = {2007},
  issn      = {0960-3409},
  month     = apr,
  number    = {1},
  pages     = {1--26},
  volume    = {24},
  doi       = {10.3184/096034007x207589},
  publisher = {Maney Publishing},
}

@Book{Simo1998,
  author    = {Simo, J. C. and Hughes, T. J. R.},
  publisher = {Springer-Verlag},
  title     = {Computational Inelasticity},
  year      = {1998},
  isbn      = {0387975209},
  doi       = {10.1007/b98904},
  journal   = {Interdisciplinary Applied Mathematics},
}

@Misc{Chang2024,
  author    = {Chang, T. L.},
  title     = {suanPan --- An Open Source, Parallel and Heterogeneous Finite Element Analysis Framework},
  year      = {2024},
  copyright = {Creative Commons Attribution 4.0 International},
  doi       = {10.5281/ZENODO.13820988},
  keywords  = {FEM, HPC, IGA},
  language  = {en},
  publisher = {Zenodo},
}

@Article{Hashiguchi1989,
  author    = {Hashiguchi, K.},
  journal   = {International Journal of Solids and Structures},
  title     = {Subloading surface model in unconventional plasticity},
  year      = {1989},
  issn      = {0020-7683},
  number    = {8},
  pages     = {917--945},
  volume    = {25},
  doi       = {10.1016/0020-7683(89)90038-3},
  publisher = {Elsevier BV},
}

@Article{Fincato2017,
  author    = {Fincato, R. and Tsutsumi, S.},
  journal   = {Acta Mechanica},
  title     = {Closest-point projection method for the extended subloading surface model},
  year      = {2017},
  issn      = {1619-6937},
  month     = aug,
  number    = {12},
  pages     = {4213--4233},
  volume    = {228},
  doi       = {10.1007/s00707-017-1926-0},
  publisher = {Springer Science and Business Media LLC},
}

@Article{Hashiguchi2023a,
  author    = {Hashiguchi, Koichi and Ueno, Masami and Anjiki, Takuya},
  journal   = {Archives of Computational Methods in Engineering},
  title     = {Subloading-Overstress Model: Unified Constitutive Equation for Elasto-Plastic and Elasto-Viscoplastic Deformations Under Monotonic and Cyclic Loadings: Research with Systematic Review},
  year      = {2023},
  issn      = {1886-1784},
  month     = mar,
  number    = {4},
  pages     = {2627--2649},
  volume    = {30},
  doi       = {10.1007/s11831-022-09880-y},
  publisher = {Springer Science and Business Media LLC},
}

@Article{Hashiguchi2024,
  author    = {Hashiguchi, Koichi and Yamakawa, Yuki and Anjiki, Takuya and Ueno, Masami},
  journal   = {Archives of Computational Methods in Engineering},
  title     = {Comprehensive Review of Subloading Surface Model: Governing Law of Irreversible Mechanical Phenomena of Solids},
  year      = {2024},
  issn      = {1886-1784},
  month     = jan,
  number    = {3},
  pages     = {1579--1609},
  volume    = {31},
  doi       = {10.1007/s11831-023-10022-1},
  publisher = {Springer Science and Business Media LLC},
}

@Article{Hashiguchi2002,
  author    = {Hashiguchi, K. and Saitoh, K. and Okayasu, T. and Tsutsumi, S.},
  journal   = {Géotechnique},
  title     = {Evaluation of typical conventional and unconventional plasticity models for prediction of softening behaviour of soils},
  year      = {2002},
  issn      = {1751-7656},
  month     = oct,
  number    = {8},
  pages     = {561--578},
  volume    = {52},
  doi       = {10.1680/geot.2002.52.8.561},
  publisher = {Thomas Telford Ltd.},
}

@Article{Anjiki2021,
  author    = {Anjiki, Takuya and Hashiguchi, Koichi},
  journal   = {International Journal for Numerical Methods in Engineering},
  title     = {Extended overstress model and its implicit stress integration algorithm: Formulations, experiments, and simulations},
  year      = {2021},
  issn      = {1097-0207},
  month     = oct,
  number    = {1},
  pages     = {291--303},
  volume    = {123},
  doi       = {10.1002/nme.6848},
  publisher = {Wiley},
}

@Article{Lu2023,
  author    = {Lu, Yong and Jiang, Yu and Zhu, Wenxuan and Bao, Yuanfeng and Ye, Guanlin and Zhang, Feng},
  journal   = {Journal of Rock Mechanics and Geotechnical Engineering},
  title     = {Unified description of different soils based on the superloading and subloading concepts},
  year      = {2023},
  issn      = {1674-7755},
  month     = jan,
  number    = {1},
  pages     = {239--254},
  volume    = {15},
  doi       = {10.1016/j.jrmge.2022.02.015},
  publisher = {Elsevier BV},
}

@Article{Maranha2016,
  author    = {Maranha, J. R. and Pereira, C. and Vieira, A.},
  journal   = {International Journal for Numerical and Analytical Methods in Geomechanics},
  title     = {A viscoplastic subloading soil model for rate‐dependent cyclic anisotropic structured behaviour},
  year      = {2016},
  issn      = {1096-9853},
  month     = jan,
  number    = {11},
  pages     = {1531--1555},
  volume    = {40},
  doi       = {10.1002/nag.2494},
  publisher = {Wiley},
}

@Article{Xiong2018,
  author    = {Xiong, Yong-lin and Yang, Qi-lai and Zhang, Sheng and Ye, Guan-lin and Liu, Gan-bin and Zheng, Rong-yue and Zhang, Feng},
  journal   = {Rock Mechanics and Rock Engineering},
  title     = {Thermo-elastoplastic Model for Soft Rock Considering Effects of Structure and Overconsolidation},
  year      = {2018},
  issn      = {1434-453X},
  month     = jul,
  number    = {12},
  pages     = {3771--3784},
  volume    = {51},
  doi       = {10.1007/s00603-018-1557-3},
  publisher = {Springer Science and Business Media LLC},
}

@Article{Yamakawa2022,
  author    = {Yamakawa, Yuki},
  journal   = {Computers and Geotechnics},
  title     = {Hyperelastic constitutive models for geomaterials: Extension of existing models to include finite strains and their comparison},
  year      = {2022},
  issn      = {0266-352X},
  month     = mar,
  pages     = {104600},
  volume    = {143},
  doi       = {10.1016/j.compgeo.2021.104600},
  publisher = {Elsevier BV},
}

@Article{Yamakawa2021,
  author    = {Yamakawa, Yuki and Hashiguchi, Koichi and Sasaki, Tomohiro and Higuchi, Masaki and Sato, Kiyoshi and Kawai, Tadashi and Machishima, Tomohiro and Iguchi, Takuya},
  journal   = {International Journal for Numerical and Analytical Methods in Geomechanics},
  title     = {Anisotropic subloading surface Cam‐clay plasticity model with rotational hardening: Deformation gradient‐based formulation for finite strain},
  year      = {2021},
  issn      = {1096-9853},
  month     = aug,
  number    = {16},
  pages     = {2321--2370},
  volume    = {45},
  doi       = {10.1002/nag.3268},
  publisher = {Wiley},
}

@Article{Hashiguchi2015,
  author    = {Hashiguchi, Koichi},
  journal   = {Archives of Computational Methods in Engineering},
  title     = {Exact Formulation of Subloading Surface Model: Unified Constitutive Law for Irreversible Mechanical Phenomena in Solids},
  year      = {2015},
  issn      = {1886-1784},
  month     = may,
  number    = {3},
  pages     = {417--447},
  volume    = {23},
  doi       = {10.1007/s11831-015-9148-x},
  publisher = {Springer Science and Business Media LLC},
}

@Book{Lemaitre1990,
  author    = {Lemaitre, Jean and Chaboche, Jean-Louis},
  publisher = {Cambridge University Press},
  title     = {Mechanics of Solid Materials},
  year      = {1990},
  isbn      = {9781139167970},
  month     = feb,
  doi       = {10.1017/cbo9781139167970},
}

@Article{Chaboche2008,
  author    = {Chaboche, J.L.},
  journal   = {International Journal of Plasticity},
  title     = {A review of some plasticity and viscoplasticity constitutive theories},
  year      = {2008},
  issn      = {0749-6419},
  month     = oct,
  number    = {10},
  pages     = {1642--1693},
  volume    = {24},
  doi       = {10.1016/j.ijplas.2008.03.009},
  publisher = {Elsevier BV},
}

@Article{Dafalias1977,
  author    = {Dafalias, Yannis F. and Popov, Egor P.},
  journal   = {Nuclear Engineering and Design},
  title     = {Cyclic loading for materials with a vanishing elastic region},
  year      = {1977},
  issn      = {0029-5493},
  month     = apr,
  number    = {2},
  pages     = {293--302},
  volume    = {41},
  doi       = {10.1016/0029-5493(77)90117-0},
  publisher = {Elsevier BV},
}

@Article{Ohno2021,
  author    = {Ohno, Nobutada and Nakamoto, Hisashi and Morimatsu, Yusuke and Okumura, Dai},
  journal   = {International Journal of Plasticity},
  title     = {Modeling of cyclic hardening and evaluation of plastic strain range in the presence of pre-loading and ratcheting},
  year      = {2021},
  issn      = {0749-6419},
  month     = oct,
  pages     = {103074},
  volume    = {145},
  doi       = {10.1016/j.ijplas.2021.103074},
  publisher = {Elsevier BV},
}

@Article{Ohno1993,
  author    = {Ohno, N. and Wang, J.-D.},
  journal   = {International Journal of Plasticity},
  title     = {Kinematic hardening rules with critical state of dynamic recovery, part I: formulation and basic features for ratchetting behavior},
  year      = {1993},
  issn      = {0749-6419},
  month     = jan,
  number    = {3},
  pages     = {375--390},
  volume    = {9},
  doi       = {10.1016/0749-6419(93)90042-o},
  publisher = {Elsevier BV},
}

@Article{Yoshida2020,
  author    = {Yoshida, Fusahito and Amaishi, Toshirou},
  journal   = {International Journal of Plasticity},
  title     = {Model for description of nonlinear unloading-reloading stress-strain response with special reference to plastic-strain dependent chord modulus},
  year      = {2020},
  issn      = {0749-6419},
  month     = jul,
  pages     = {102708},
  volume    = {130},
  doi       = {10.1016/j.ijplas.2020.102708},
  publisher = {Elsevier BV},
}

@Article{Yoshida2002,
  author    = {Yoshida, Fusahito and Uemori, Takeshi},
  journal   = {International Journal of Plasticity},
  title     = {A model of large-strain cyclic plasticity describing the Bauschinger effect and workhardening stagnation},
  year      = {2002},
  issn      = {0749-6419},
  month     = oct,
  number    = {5–6},
  pages     = {661--686},
  volume    = {18},
  doi       = {10.1016/s0749-6419(01)00050-x},
  publisher = {Elsevier BV},
}

@Article{Hashiguchi2017a,
  author    = {Hashiguchi, Koichi and Ueno, Masami},
  journal   = {International Journal of Engineering Science},
  title     = {Elastoplastic constitutive equation of metals under cyclic loading},
  year      = {2017},
  issn      = {0020-7225},
  month     = feb,
  pages     = {86--112},
  volume    = {111},
  doi       = {10.1016/j.ijengsci.2016.11.001},
  publisher = {Elsevier BV},
}

@Article{Hassan2008,
  author    = {Hassan, Tasnim and Taleb, Lakhdar and Krishna, Shree},
  journal   = {International Journal of Plasticity},
  title     = {Influence of non-proportional loading on ratcheting responses and simulations by two recent cyclic plasticity models},
  year      = {2008},
  issn      = {0749-6419},
  month     = oct,
  number    = {10},
  pages     = {1863--1889},
  volume    = {24},
  doi       = {10.1016/j.ijplas.2008.04.008},
  publisher = {Elsevier BV},
}

@Article{Ohno1982,
  author    = {Ohno, N.},
  journal   = {Journal of Applied Mechanics},
  title     = {A Constitutive Model of Cyclic Plasticity With a Nonhardening Strain Region},
  year      = {1982},
  issn      = {1528-9036},
  month     = dec,
  number    = {4},
  pages     = {721--727},
  volume    = {49},
  doi       = {10.1115/1.3162603},
  publisher = {ASME International},
}

@Article{Beyerlein2018,
  author    = {Beyerlein, Irene J. and Knezevic, Marko},
  journal   = {Journal of Materials Research},
  title     = {Review of microstructure and micromechanism-based constitutive modeling of polycrystals with a low-symmetry crystal structure},
  year      = {2018},
  issn      = {2044-5326},
  month     = oct,
  number    = {22},
  pages     = {3711--3738},
  volume    = {33},
  doi       = {10.1557/jmr.2018.333},
  publisher = {Springer Science and Business Media LLC},
}

@Comment{jabref-meta: databaseType:bibtex;}
